\usepackage[style=alphabetic,maxnames=4,minnames=3,maxbibnames=99]{biblatex}

@ARTICLE{
    author = {Author},
    title = {Title},
    journal = {Journal},
    year = {Year},
    volume = {Volume},
    number = {Number},
    pages = {Pages},
    doi = {DOI},
    url = {URL},
    eprint = {Eprint},
    archivePrefix = {ArchivePrefix},
    primaryClass = {PrimaryClass},
    abstract = {Abstract},
    keywords = {Keywords},
    note = {Note},
    issn = {ISSN},
    pmid = {PMID},
    pmcid = {PMCID},
    arxivid = {Arxivid},
    adsurl = {ADSURL},
    adsnote = {ADSNote},
    adsnote = {ADSNote
}